<?xml version="1.0" encoding="UTF-8"?>
  <record xmlns="http://www.loc.gov/MARC21/slim" type="Authority">
    <leader>00000nz  a2200000nc 4500</leader>
    <controlfield tag="001">118615858</controlfield>
    <controlfield tag="003">DE-101</controlfield>
    <controlfield tag="005">20220309171318.0</controlfield>
    <controlfield tag="008">880701n||azznnaabn           | aaa    |c</controlfield>
    <datafield tag="024" ind1="7" ind2=" ">
      <subfield code="a">118615858</subfield>
      <subfield code="0">http://d-nb.info/gnd/118615858</subfield>
      <subfield code="2">gnd</subfield>
    </datafield>
    <datafield tag="035" ind1=" " ind2=" ">
      <subfield code="a">(DE-101)118615858</subfield>
    </datafield>
    <datafield tag="035" ind1=" " ind2=" ">
      <subfield code="a">(DE-588)118615858</subfield>
    </datafield>
    <datafield tag="035" ind1=" " ind2=" ">
      <subfield code="z">(DE-588)17411902X</subfield>
    </datafield>
    <datafield tag="035" ind1=" " ind2=" ">
      <subfield code="z">(DE-588a)17411902X</subfield>
      <subfield code="9">v:zg</subfield>
    </datafield>
    <datafield tag="035" ind1=" " ind2=" ">
      <subfield code="z">(DE-588a)118615858</subfield>
      <subfield code="9">v:zg</subfield>
    </datafield>
    <datafield tag="035" ind1=" " ind2=" ">
      <subfield code="z">(DE-588c)4055942-7</subfield>
      <subfield code="9">v:zg</subfield>
    </datafield>
    <datafield tag="040" ind1=" " ind2=" ">
      <subfield code="a">DE-101</subfield>
      <subfield code="c">DE-101</subfield>
      <subfield code="9">r:DE-101</subfield>
      <subfield code="b">ger</subfield>
      <subfield code="d">9999</subfield>
    </datafield>
    <datafield tag="042" ind1=" " ind2=" ">
      <subfield code="a">gnd1</subfield>
    </datafield>
    <datafield tag="043" ind1=" " ind2=" ">
      <subfield code="c">XA-IT</subfield>
    </datafield>
    <datafield tag="065" ind1=" " ind2=" ">
      <subfield code="a">12.2p</subfield>
      <subfield code="2">sswd</subfield>
    </datafield>
    <datafield tag="065" ind1=" " ind2=" ">
      <subfield code="a">3.6p</subfield>
      <subfield code="2">sswd</subfield>
    </datafield>
    <datafield tag="075" ind1=" " ind2=" ">
      <subfield code="b">p</subfield>
      <subfield code="2">gndgen</subfield>
    </datafield>
    <datafield tag="075" ind1=" " ind2=" ">
      <subfield code="b">piz</subfield>
      <subfield code="2">gndspec</subfield>
    </datafield>
    <datafield tag="079" ind1=" " ind2=" ">
      <subfield code="a">g</subfield>
      <subfield code="q">s</subfield>
      <subfield code="q">a</subfield>
      <subfield code="q">f</subfield>
      <subfield code="q">d</subfield>
      <subfield code="u">v</subfield>
      <subfield code="u">w</subfield>
      <subfield code="u">o</subfield>
    </datafield>
    <datafield tag="100" ind1="0" ind2=" ">
      <subfield code="a">Baptista</subfield>
      <subfield code="c">Mantuanus</subfield>
      <subfield code="d">1447-1516</subfield>
    </datafield>
    <datafield tag="375" ind1=" " ind2=" ">
      <subfield code="a">1</subfield>
      <subfield code="2">iso5218</subfield>
    </datafield>
    <datafield tag="400" ind1="0" ind2=" ">
      <subfield code="a">Battista</subfield>
      <subfield code="c">Mantovano</subfield>
      <subfield code="d">1447-1516</subfield>
    </datafield>
    <datafield tag="400" ind1="1" ind2=" ">
      <subfield code="a">Mantovano, Battista</subfield>
      <subfield code="d">1447-1516</subfield>
    </datafield>
    <datafield tag="400" ind1="1" ind2=" ">
      <subfield code="a">Mantovano, Battista Spagnoli</subfield>
      <subfield code="d">1447-1516</subfield>
    </datafield>
    <datafield tag="400" ind1="1" ind2=" ">
      <subfield code="a">Mantuanus, Iohannes Baptista</subfield>
      <subfield code="d">1447-1516</subfield>
    </datafield>
    <datafield tag="400" ind1="1" ind2=" ">
      <subfield code="a">Mantouan, Giovanni Battista</subfield>
      <subfield code="d">1447-1516</subfield>
    </datafield>
    <datafield tag="400" ind1="0" ind2=" ">
      <subfield code="a">Mantouan</subfield>
      <subfield code="d">1447-1516</subfield>
    </datafield>
    <datafield tag="400" ind1="0" ind2=" ">
      <subfield code="a">Mantoue</subfield>
      <subfield code="d">1447-1516</subfield>
    </datafield>
    <datafield tag="400" ind1="0" ind2=" ">
      <subfield code="a">Juan Bautista</subfield>
      <subfield code="c">de Mantua</subfield>
      <subfield code="d">1447-1516</subfield>
    </datafield>
    <datafield tag="400" ind1="0" ind2=" ">
      <subfield code="a">Juan Bautista</subfield>
      <subfield code="c">Beato</subfield>
      <subfield code="d">1447-1516</subfield>
    </datafield>
    <datafield tag="400" ind1="1" ind2=" ">
      <subfield code="a">Mantuanus, Fr. Baptist</subfield>
      <subfield code="d">1447-1516</subfield>
    </datafield>
    <datafield tag="400" ind1="1" ind2=" ">
      <subfield code="a">Mantouan, Battista Spagnuoli</subfield>
      <subfield code="d">1447-1516</subfield>
    </datafield>
    <datafield tag="400" ind1="1" ind2=" ">
      <subfield code="a">Spagnolo Mantovano, Giovanni Battista</subfield>
      <subfield code="d">1447-1516</subfield>
    </datafield>
    <datafield tag="400" ind1="0" ind2=" ">
      <subfield code="a">Baptista</subfield>
      <subfield code="c">Spagnuoli</subfield>
      <subfield code="d">1447-1516</subfield>
    </datafield>
    <datafield tag="400" ind1="0" ind2=" ">
      <subfield code="a">Vergilius</subfield>
      <subfield code="c">Neotericus</subfield>
      <subfield code="d">1447-1516</subfield>
      <subfield code="4">pseu</subfield>
      <subfield code="4">https://d-nb.info/standards/elementset/gnd#pseudonym</subfield>
      <subfield code="w">r</subfield>
      <subfield code="i">Pseudonym</subfield>
      <subfield code="e">Pseudonym</subfield>
    </datafield>
    <datafield tag="400" ind1="0" ind2=" ">
      <subfield code="a">Vergilius Neotericus</subfield>
      <subfield code="d">1447-1516</subfield>
      <subfield code="4">pseu</subfield>
      <subfield code="4">https://d-nb.info/standards/elementset/gnd#pseudonym</subfield>
      <subfield code="w">r</subfield>
      <subfield code="i">Pseudonym</subfield>
      <subfield code="e">Pseudonym</subfield>
    </datafield>
    <datafield tag="400" ind1="0" ind2=" ">
      <subfield code="a">Vergilius Neoreticus</subfield>
      <subfield code="d">1447-1516</subfield>
      <subfield code="4">pseu</subfield>
      <subfield code="4">https://d-nb.info/standards/elementset/gnd#pseudonym</subfield>
      <subfield code="w">r</subfield>
      <subfield code="i">Pseudonym</subfield>
      <subfield code="e">Pseudonym</subfield>
    </datafield>
    <datafield tag="400" ind1="1" ind2=" ">
      <subfield code="a">Mantuanus, Joannes Baptista</subfield>
      <subfield code="d">1447-1516</subfield>
    </datafield>
    <datafield tag="400" ind1="1" ind2=" ">
      <subfield code="a">Carmelita, Il</subfield>
      <subfield code="d">1447-1516</subfield>
    </datafield>
    <datafield tag="400" ind1="0" ind2=" ">
      <subfield code="a">Baptista Mantuavus</subfield>
      <subfield code="d">1447-1516</subfield>
    </datafield>
    <datafield tag="400" ind1="0" ind2=" ">
      <subfield code="a">Johannes Baptista</subfield>
      <subfield code="c">Mantuanus</subfield>
      <subfield code="d">1447-1516</subfield>
    </datafield>
    <datafield tag="400" ind1="0" ind2=" ">
      <subfield code="a">Johannes-Baptista</subfield>
      <subfield code="c">Mantuanus</subfield>
      <subfield code="d">1447-1516</subfield>
    </datafield>
    <datafield tag="400" ind1="0" ind2=" ">
      <subfield code="a">Giovanni Battista</subfield>
      <subfield code="c">le Mantouan</subfield>
      <subfield code="d">1447-1516</subfield>
    </datafield>
    <datafield tag="400" ind1="0" ind2=" ">
      <subfield code="a">Gianbattista</subfield>
      <subfield code="c">Spagnuoli</subfield>
      <subfield code="d">1447-1516</subfield>
    </datafield>
    <datafield tag="400" ind1="0" ind2=" ">
      <subfield code="a">Baptiste</subfield>
      <subfield code="c">Mantuan</subfield>
      <subfield code="d">1447-1516</subfield>
    </datafield>
    <datafield tag="400" ind1="0" ind2=" ">
      <subfield code="a">Baptist</subfield>
      <subfield code="c">Montuan</subfield>
      <subfield code="d">1447-1516</subfield>
    </datafield>
    <datafield tag="400" ind1="0" ind2=" ">
      <subfield code="a">Baptist</subfield>
      <subfield code="c">Mantuan</subfield>
      <subfield code="d">1447-1516</subfield>
    </datafield>
    <datafield tag="400" ind1="1" ind2=" ">
      <subfield code="a">Spagnoli, Giovan Battista</subfield>
      <subfield code="d">1447-1516</subfield>
      <subfield code="9">v:M</subfield>
    </datafield>
    <datafield tag="400" ind1="1" ind2=" ">
      <subfield code="a">Spagnuoli, Gianbattista</subfield>
      <subfield code="d">1447-1516</subfield>
    </datafield>
    <datafield tag="400" ind1="1" ind2=" ">
      <subfield code="a">Spagnuoli, Giovanni Battista</subfield>
      <subfield code="d">1447-1516</subfield>
      <subfield code="9">v:(VD-16)</subfield>
    </datafield>
    <datafield tag="400" ind1="0" ind2=" ">
      <subfield code="a">Spagnolus</subfield>
      <subfield code="c">Mantuanus</subfield>
      <subfield code="d">1447-1516</subfield>
    </datafield>
    <datafield tag="400" ind1="1" ind2=" ">
      <subfield code="a">Mantuavus, Baptista</subfield>
      <subfield code="d">1447-1516</subfield>
    </datafield>
    <datafield tag="400" ind1="1" ind2=" ">
      <subfield code="a">Spagnuoli, Battista</subfield>
      <subfield code="d">1447-1516</subfield>
    </datafield>
    <datafield tag="400" ind1="0" ind2=" ">
      <subfield code="a">Virgilius Nectericus</subfield>
      <subfield code="d">1447-1516</subfield>
    </datafield>
    <datafield tag="400" ind1="1" ind2=" ">
      <subfield code="a">Spagnuoli, Baptista</subfield>
      <subfield code="d">1447-1516</subfield>
    </datafield>
    <datafield tag="400" ind1="1" ind2=" ">
      <subfield code="a">Mantuanus, Johannes Baptista</subfield>
      <subfield code="d">1447-1516</subfield>
    </datafield>
    <datafield tag="400" ind1="1" ind2=" ">
      <subfield code="a">Montuanus, Baptista</subfield>
      <subfield code="d">1447-1516</subfield>
    </datafield>
    <datafield tag="400" ind1="0" ind2=" ">
      <subfield code="a">Battista</subfield>
      <subfield code="c">Mantovanus</subfield>
      <subfield code="d">1447-1516</subfield>
    </datafield>
    <datafield tag="400" ind1="0" ind2=" ">
      <subfield code="a">Baptista</subfield>
      <subfield code="c">Spagnoli</subfield>
      <subfield code="d">1447-1516</subfield>
    </datafield>
    <datafield tag="400" ind1="0" ind2=" ">
      <subfield code="a">Baptista</subfield>
      <subfield code="c">Carmelita</subfield>
      <subfield code="d">1447-1516</subfield>
    </datafield>
    <datafield tag="400" ind1="0" ind2=" ">
      <subfield code="a">Giovanni Battista</subfield>
      <subfield code="c">Spagnuoli</subfield>
      <subfield code="d">1447-1516</subfield>
    </datafield>
    <datafield tag="400" ind1="0" ind2=" ">
      <subfield code="a">Giovanni Battista</subfield>
      <subfield code="c">le Montouan</subfield>
      <subfield code="d">1447-1516</subfield>
    </datafield>
    <datafield tag="400" ind1="0" ind2=" ">
      <subfield code="a">Johannes Baptista</subfield>
      <subfield code="c">Hispaniolus</subfield>
      <subfield code="d">1447-1516</subfield>
    </datafield>
    <datafield tag="400" ind1="0" ind2=" ">
      <subfield code="a">Johannes Baptista</subfield>
      <subfield code="c">Spagnolus</subfield>
      <subfield code="d">1447-1516</subfield>
    </datafield>
    <datafield tag="400" ind1="0" ind2=" ">
      <subfield code="a">Baptiste</subfield>
      <subfield code="c">Montuan</subfield>
      <subfield code="d">1447-1516</subfield>
    </datafield>
    <datafield tag="400" ind1="1" ind2=" ">
      <subfield code="a">Spagnoli, Baptista</subfield>
      <subfield code="d">1447-1516</subfield>
    </datafield>
    <datafield tag="400" ind1="1" ind2=" ">
      <subfield code="a">Spagnoli, Giovanni Battista</subfield>
      <subfield code="d">1447-1516</subfield>
    </datafield>
    <datafield tag="400" ind1="1" ind2=" ">
      <subfield code="a">Mantuanus, Baptista</subfield>
      <subfield code="d">1447-1516</subfield>
    </datafield>
    <datafield tag="400" ind1="0" ind2=" ">
      <subfield code="a">Baptista Mantuanus</subfield>
      <subfield code="d">1447-1516</subfield>
    </datafield>
    <datafield tag="400" ind1="0" ind2=" ">
      <subfield code="a">Giovanni Baptista</subfield>
      <subfield code="c">Mantuanus</subfield>
      <subfield code="d">1447-1516</subfield>
    </datafield>
    <datafield tag="400" ind1="0" ind2=" ">
      <subfield code="a">Mantuan</subfield>
      <subfield code="d">1447-1516</subfield>
    </datafield>
    <datafield tag="400" ind1="0" ind2=" ">
      <subfield code="a">Mantuanus</subfield>
      <subfield code="d">1447-1516</subfield>
    </datafield>
    <datafield tag="400" ind1="0" ind2=" ">
      <subfield code="a">Batista</subfield>
      <subfield code="c">Mantovano</subfield>
      <subfield code="d">1447-1516</subfield>
    </datafield>
    <datafield tag="400" ind1="1" ind2=" ">
      <subfield code="a">Spanuoli, Baptista</subfield>
      <subfield code="d">1447-1516</subfield>
    </datafield>
    <datafield tag="400" ind1="1" ind2=" ">
      <subfield code="a">Spagnoli, Battista</subfield>
      <subfield code="d">1447-1516</subfield>
    </datafield>
    <datafield tag="400" ind1="0" ind2=" ">
      <subfield code="a">Battista</subfield>
      <subfield code="c">Spagnoli</subfield>
      <subfield code="d">1447-1516</subfield>
    </datafield>
    <datafield tag="400" ind1="0" ind2=" ">
      <subfield code="a">Johannes Baptista Spagnoli Mantuanus</subfield>
      <subfield code="d">1447-1516</subfield>
    </datafield>
    <datafield tag="400" ind1="1" ind2=" ">
      <subfield code="a">Battista, Mantovano</subfield>
      <subfield code="d">1447-1516</subfield>
    </datafield>
    <datafield tag="400" ind1="1" ind2=" ">
      <subfield code="a">Spagnolo, Baptista</subfield>
      <subfield code="d">1447-1516</subfield>
    </datafield>
    <datafield tag="400" ind1="1" ind2=" ">
      <subfield code="a">Spagnuolo, John Baptist</subfield>
      <subfield code="d">1447-1516</subfield>
    </datafield>
    <datafield tag="400" ind1="1" ind2=" ">
      <subfield code="a">Spagnoli, Baptist</subfield>
      <subfield code="d">1447-1516</subfield>
    </datafield>
    <datafield tag="400" ind1="0" ind2=" ">
      <subfield code="a">Baptist</subfield>
      <subfield code="c">of Mantua</subfield>
      <subfield code="d">1447-1516</subfield>
    </datafield>
    <datafield tag="400" ind1="0" ind2=" ">
      <subfield code="a">Iohannes Baptista Spagnoli Mantuanus</subfield>
      <subfield code="d">1447-1516</subfield>
    </datafield>
    <datafield tag="400" ind1="1" ind2=" ">
      <subfield code="a">Spanuolo, Baptista</subfield>
      <subfield code="d">1447-1516</subfield>
    </datafield>
    <datafield tag="500" ind1="1" ind2=" ">
      <subfield code="0">(DE-101)119746743</subfield>
      <subfield code="0">(DE-588)119746743</subfield>
      <subfield code="0">https://d-nb.info/gnd/119746743</subfield>
      <subfield code="a">Loher, Bruno</subfield>
      <subfield code="d">1500-1557</subfield>
      <subfield code="4">beza</subfield>
      <subfield code="4">https://d-nb.info/standards/elementset/gnd#acquaintanceshipOrFriendship</subfield>
      <subfield code="w">r</subfield>
      <subfield code="i">Bekanntschaft</subfield>
      <subfield code="e">Bekanntschaft</subfield>
      <subfield code="9">v:VD-16 Mitverf.</subfield>
    </datafield>
    <datafield tag="500" ind1="1" ind2=" ">
      <subfield code="0">(DE-101)118516132</subfield>
      <subfield code="0">(DE-588)118516132</subfield>
      <subfield code="0">https://d-nb.info/gnd/118516132</subfield>
      <subfield code="a">Bruni, Leonardo</subfield>
      <subfield code="d">1370-1444</subfield>
      <subfield code="4">beza</subfield>
      <subfield code="4">https://d-nb.info/standards/elementset/gnd#acquaintanceshipOrFriendship</subfield>
      <subfield code="w">r</subfield>
      <subfield code="i">Bekanntschaft</subfield>
      <subfield code="e">Bekanntschaft</subfield>
      <subfield code="9">v:VD-16 Mitverf.</subfield>
    </datafield>
    <datafield tag="500" ind1="1" ind2=" ">
      <subfield code="0">(DE-101)119752891</subfield>
      <subfield code="0">(DE-588)119752891</subfield>
      <subfield code="0">https://d-nb.info/gnd/119752891</subfield>
      <subfield code="a">Marcellinus, Antonius</subfield>
      <subfield code="4">beza</subfield>
      <subfield code="4">https://d-nb.info/standards/elementset/gnd#acquaintanceshipOrFriendship</subfield>
      <subfield code="w">r</subfield>
      <subfield code="i">Bekanntschaft</subfield>
      <subfield code="e">Bekanntschaft</subfield>
      <subfield code="9">v:VD-16 Mitverf.</subfield>
    </datafield>
    <datafield tag="500" ind1="1" ind2=" ">
      <subfield code="0">(DE-101)118726870</subfield>
      <subfield code="0">(DE-588)118726870</subfield>
      <subfield code="0">https://d-nb.info/gnd/118726870</subfield>
      <subfield code="a">Lazius, Wolfgang</subfield>
      <subfield code="d">1514-1565</subfield>
      <subfield code="4">beza</subfield>
      <subfield code="4">https://d-nb.info/standards/elementset/gnd#acquaintanceshipOrFriendship</subfield>
      <subfield code="w">r</subfield>
      <subfield code="i">Bekanntschaft</subfield>
      <subfield code="e">Bekanntschaft</subfield>
      <subfield code="9">v:VD-16 Mitverf.</subfield>
    </datafield>
    <datafield tag="500" ind1="1" ind2=" ">
      <subfield code="0">(DE-101)119638169</subfield>
      <subfield code="0">(DE-588)119638169</subfield>
      <subfield code="0">https://d-nb.info/gnd/119638169</subfield>
      <subfield code="a">Castelio, Johannes</subfield>
      <subfield code="4">beza</subfield>
      <subfield code="4">https://d-nb.info/standards/elementset/gnd#acquaintanceshipOrFriendship</subfield>
      <subfield code="w">r</subfield>
      <subfield code="i">Bekanntschaft</subfield>
      <subfield code="e">Bekanntschaft</subfield>
      <subfield code="9">v:VD-16 Mitverf.</subfield>
    </datafield>
    <datafield tag="500" ind1="1" ind2=" ">
      <subfield code="0">(DE-101)118716735</subfield>
      <subfield code="0">(DE-588)118716735</subfield>
      <subfield code="0">https://d-nb.info/gnd/118716735</subfield>
      <subfield code="a">Gellius, Aulus</subfield>
      <subfield code="d">130-170</subfield>
      <subfield code="4">beza</subfield>
      <subfield code="4">https://d-nb.info/standards/elementset/gnd#acquaintanceshipOrFriendship</subfield>
      <subfield code="w">r</subfield>
      <subfield code="i">Bekanntschaft</subfield>
      <subfield code="e">Bekanntschaft</subfield>
      <subfield code="9">v:VD-16 Mitverf.</subfield>
    </datafield>
    <datafield tag="500" ind1="1" ind2=" ">
      <subfield code="0">(DE-101)104255420</subfield>
      <subfield code="0">(DE-588)104255420</subfield>
      <subfield code="0">https://d-nb.info/gnd/104255420</subfield>
      <subfield code="a">Pontanus, Petrus</subfield>
      <subfield code="d">-1529</subfield>
      <subfield code="4">beza</subfield>
      <subfield code="4">https://d-nb.info/standards/elementset/gnd#acquaintanceshipOrFriendship</subfield>
      <subfield code="w">r</subfield>
      <subfield code="i">Bekanntschaft</subfield>
      <subfield code="e">Bekanntschaft</subfield>
      <subfield code="9">v:VD-16 Mitverf.</subfield>
    </datafield>
    <datafield tag="500" ind1="0" ind2=" ">
      <subfield code="0">(DE-101)119447215</subfield>
      <subfield code="0">(DE-588)119447215</subfield>
      <subfield code="0">https://d-nb.info/gnd/119447215</subfield>
      <subfield code="a">Rinutius</subfield>
      <subfield code="c">Aretinus</subfield>
      <subfield code="d">1395-1450</subfield>
      <subfield code="4">beza</subfield>
      <subfield code="4">https://d-nb.info/standards/elementset/gnd#acquaintanceshipOrFriendship</subfield>
      <subfield code="w">r</subfield>
      <subfield code="i">Bekanntschaft</subfield>
      <subfield code="e">Bekanntschaft</subfield>
      <subfield code="9">v:VD-16 Mitverf.</subfield>
    </datafield>
    <datafield tag="500" ind1="0" ind2=" ">
      <subfield code="0">(DE-101)123890241</subfield>
      <subfield code="0">(DE-588)123890241</subfield>
      <subfield code="0">https://d-nb.info/gnd/123890241</subfield>
      <subfield code="a">Giovanni Sulpizio</subfield>
      <subfield code="c">da Veroli</subfield>
      <subfield code="d">1444-1503</subfield>
      <subfield code="4">beza</subfield>
      <subfield code="4">https://d-nb.info/standards/elementset/gnd#acquaintanceshipOrFriendship</subfield>
      <subfield code="w">r</subfield>
      <subfield code="i">Bekanntschaft</subfield>
      <subfield code="e">Bekanntschaft</subfield>
      <subfield code="9">v:VD-16 Mitverf.</subfield>
    </datafield>
    <datafield tag="500" ind1="1" ind2=" ">
      <subfield code="0">(DE-101)118595083</subfield>
      <subfield code="0">(DE-588)118595083</subfield>
      <subfield code="0">https://d-nb.info/gnd/118595083</subfield>
      <subfield code="a">Plinius Secundus, Gaius</subfield>
      <subfield code="d">23-79</subfield>
      <subfield code="4">beza</subfield>
      <subfield code="4">https://d-nb.info/standards/elementset/gnd#acquaintanceshipOrFriendship</subfield>
      <subfield code="w">r</subfield>
      <subfield code="i">Bekanntschaft</subfield>
      <subfield code="e">Bekanntschaft</subfield>
      <subfield code="9">v:VD-16 Mitverf.</subfield>
    </datafield>
    <datafield tag="510" ind1="2" ind2=" ">
      <subfield code="0">(DE-101)004106059</subfield>
      <subfield code="0">(DE-588)1018585-9</subfield>
      <subfield code="0">https://d-nb.info/gnd/1018585-9</subfield>
      <subfield code="a">Karmeliten</subfield>
      <subfield code="4">affi</subfield>
      <subfield code="4">https://d-nb.info/standards/elementset/gnd#affiliation</subfield>
      <subfield code="w">r</subfield>
      <subfield code="i">Affiliation</subfield>
      <subfield code="e">Affiliation</subfield>
    </datafield>
    <datafield tag="548" ind1=" " ind2=" ">
      <subfield code="a">1447-1516</subfield>
      <subfield code="4">datl</subfield>
      <subfield code="4">https://d-nb.info/standards/elementset/gnd#dateOfBirthAndDeath</subfield>
      <subfield code="w">r</subfield>
      <subfield code="i">Lebensdaten</subfield>
      <subfield code="9">v:Geburtsjahr auch 1448</subfield>
    </datafield>
    <datafield tag="548" ind1=" " ind2=" ">
      <subfield code="a">17.04.1447-20.03.1516</subfield>
      <subfield code="4">datx</subfield>
      <subfield code="4">https://d-nb.info/standards/elementset/gnd#dateOfBirthAndDeath</subfield>
      <subfield code="w">r</subfield>
      <subfield code="i">Exakte Lebensdaten</subfield>
    </datafield>
    <datafield tag="550" ind1=" " ind2=" ">
      <subfield code="0">(DE-101)041607775</subfield>
      <subfield code="0">(DE-588)4160777-6</subfield>
      <subfield code="0">https://d-nb.info/gnd/4160777-6</subfield>
      <subfield code="a">Humanist</subfield>
      <subfield code="4">berc</subfield>
      <subfield code="4">https://d-nb.info/standards/elementset/gnd#professionOrOccupation</subfield>
      <subfield code="w">r</subfield>
      <subfield code="i">Charakteristischer Beruf</subfield>
    </datafield>
    <datafield tag="550" ind1=" " ind2=" ">
      <subfield code="0">(DE-101)040399028</subfield>
      <subfield code="0">(DE-588)4039902-3</subfield>
      <subfield code="0">https://d-nb.info/gnd/4039902-3</subfield>
      <subfield code="a">Mönch</subfield>
      <subfield code="4">beru</subfield>
      <subfield code="4">https://d-nb.info/standards/elementset/gnd#professionOrOccupation</subfield>
      <subfield code="w">r</subfield>
      <subfield code="i">Beruf</subfield>
    </datafield>
    <datafield tag="550" ind1=" " ind2=" ">
      <subfield code="0">(DE-101)040533093</subfield>
      <subfield code="0">(DE-588)4053309-8</subfield>
      <subfield code="0">https://d-nb.info/gnd/4053309-8</subfield>
      <subfield code="a">Schriftsteller</subfield>
      <subfield code="4">beru</subfield>
      <subfield code="4">https://d-nb.info/standards/elementset/gnd#professionOrOccupation</subfield>
      <subfield code="w">r</subfield>
      <subfield code="i">Beruf</subfield>
    </datafield>
    <datafield tag="551" ind1=" " ind2=" ">
      <subfield code="0">(DE-101)041149785</subfield>
      <subfield code="0">(DE-588)4114978-6</subfield>
      <subfield code="0">https://d-nb.info/gnd/4114978-6</subfield>
      <subfield code="a">Mantua</subfield>
      <subfield code="4">ortg</subfield>
      <subfield code="4">https://d-nb.info/standards/elementset/gnd#placeOfBirth</subfield>
      <subfield code="w">r</subfield>
      <subfield code="i">Geburtsort</subfield>
    </datafield>
    <datafield tag="551" ind1=" " ind2=" ">
      <subfield code="0">(DE-101)041149785</subfield>
      <subfield code="0">(DE-588)4114978-6</subfield>
      <subfield code="0">https://d-nb.info/gnd/4114978-6</subfield>
      <subfield code="a">Mantua</subfield>
      <subfield code="4">orts</subfield>
      <subfield code="4">https://d-nb.info/standards/elementset/gnd#placeOfDeath</subfield>
      <subfield code="w">r</subfield>
      <subfield code="i">Sterbeort</subfield>
    </datafield>
    <datafield tag="667" ind1=" " ind2=" ">
      <subfield code="a">VD-17</subfield>
    </datafield>
    <datafield tag="667" ind1=" " ind2=" ">
      <subfield code="a">12</subfield>
    </datafield>
    <datafield tag="667" ind1=" " ind2=" ">
      <subfield code="a">7</subfield>
    </datafield>
    <datafield tag="667" ind1=" " ind2=" ">
      <subfield code="a">384</subfield>
    </datafield>
    <datafield tag="667" ind1=" " ind2=" ">
      <subfield code="a">VD-16</subfield>
    </datafield>
    <datafield tag="670" ind1=" " ind2=" ">
      <subfield code="a">LThK (3. Aufl.)</subfield>
    </datafield>
    <datafield tag="670" ind1=" " ind2=" ">
      <subfield code="a">CSGL</subfield>
    </datafield>
    <datafield tag="670" ind1=" " ind2=" ">
      <subfield code="a">LCAuth</subfield>
    </datafield>
    <datafield tag="670" ind1=" " ind2=" ">
      <subfield code="a">Wikipedia</subfield>
      <subfield code="u">https://de.wikipedia.org/wiki/Battista_Mantovano</subfield>
    </datafield>
    <datafield tag="672" ind1=" " ind2="0">
      <subfield code="a">Buccolica seu adolescentia</subfield>
      <subfield code="f">1506</subfield>
    </datafield>
    <datafield tag="672" ind1=" " ind2="0">
      <subfield code="a">Buccolica</subfield>
      <subfield code="f">1508</subfield>
    </datafield>
    <datafield tag="672" ind1=" " ind2="0">
      <subfield code="a">Buccolica</subfield>
      <subfield code="f">1509</subfield>
    </datafield>
    <datafield tag="672" ind1=" " ind2="0">
      <subfield code="a">Buccolica</subfield>
      <subfield code="f">1510</subfield>
    </datafield>
    <datafield tag="672" ind1=" " ind2="0">
      <subfield code="a">Novem opera praeter caetera moralia</subfield>
      <subfield code="f">1507</subfield>
    </datafield>
    <datafield tag="672" ind1=" " ind2="0">
      <subfield code="a">Dialogus de vita beata. Cum Augustini Dathi opus*</subfield>
      <subfield code="f">1505</subfield>
    </datafield>
    <datafield tag="672" ind1=" " ind2="0">
      <subfield code="a">Opera</subfield>
      <subfield code="f">1513</subfield>
    </datafield>
    <datafield tag="672" ind1=" " ind2="0">
      <subfield code="a">Parthenice Mariana</subfield>
      <subfield code="f">1499</subfield>
    </datafield>
    <datafield tag="672" ind1=" " ind2="0">
      <subfield code="a">Adolescentia seu Bucolica</subfield>
      <subfield code="f">1537</subfield>
    </datafield>
    <datafield tag="672" ind1=" " ind2="0">
      <subfield code="a">Bap. Mantuani Carmelitae Theologi Adolescentia seu Bucolica</subfield>
      <subfield code="f">1540</subfield>
    </datafield>
    <datafield tag="672" ind1=" " ind2="0">
      <subfield code="a">F. BAPTISTAE MANTVANI ... AD BEATAM VIRGINEM VOTVM. EIVSDEM IN LAVDEM IOANNIS BAPTISTAE ... 1516. (VD16 ZV 14533)</subfield>
    </datafield>
    <datafield tag="672" ind1=" " ind2="0">
      <subfield code="a">Baptistae Mãtuani Carmelitae ... Fastorum Liber primus.. 1517. (VD16 S 7279)</subfield>
    </datafield>
    <datafield tag="672" ind1=" " ind2="0">
      <subfield code="a">Baptiste Mantuani vatis eminentissimi opus insigne de mundi calamitatibus earumque tum causis tum ... 1510. (VD16 S 7218)</subfield>
    </datafield>
    <datafield tag="672" ind1=" " ind2="0">
      <subfield code="a">Egloge Virgilij Neoterici: hoc est: Baptistae Mantuani Carmelitae. ... . 1517. (VD16 S 7198)</subfield>
    </datafield>
    <datafield tag="672" ind1=" " ind2="0">
      <subfield code="a">Baptiste Mantuani Carmelite theologi de morte \[con]temnẽda Carmen Elegiacum sexcentis locis ... 1506. (VD16 S 7233)</subfield>
    </datafield>
    <datafield tag="672" ind1=" " ind2="0">
      <subfield code="a">Baptistae Mantuani Carmelitae in laudem Ioannis Baptistae pro natali eius Carmẽ. ... . 1505. (VD16 S 7293)</subfield>
    </datafield>
    <datafield tag="672" ind1=" " ind2="0">
      <subfield code="a">BAPTISTAE MANTVAni Bucolica seu Adulescentia cum Iodoci Badij commentarijs: quibus ... 1533. (VD16 S 7208)</subfield>
    </datafield>
    <datafield tag="672" ind1=" " ind2="0">
      <subfield code="a">Celebrãdi patris Baptiste Mantuani Carmelite Theologi Parthenices prime Liber Primus Jn quo ... 1508. (VD16 S 7322)</subfield>
    </datafield>
    <datafield tag="672" ind1=" " ind2="0">
      <subfield code="a">BAPTISTAE MANTVANI CARMELITAE, THEOLOGI, POETAE &amp; Oratoris clarissimi, Operum: Tomus ... 1573. (VD16 S 7133)</subfield>
    </datafield>
    <datafield tag="672" ind1=" " ind2="0">
      <subfield code="a">SENTENTIOSA DICTA BAPTISTAE MANTVANI POETARUM OMNIVM principis, at\[que] antesignani: ... 1562. (VD16 S 7145)</subfield>
    </datafield>
    <datafield tag="678" ind1=" " ind2=" ">
      <subfield code="b">Ital. Karmelitermönch, Humanist und Dichter, aus spanischer Familie; Schulbuchautor bis ins 18. Jh.; 1885 von Papst Leo XIII. seliggesprochen</subfield>
    </datafield>
    <datafield tag="913" ind1=" " ind2=" ">
      <subfield code="S">pnd</subfield>
      <subfield code="i">5</subfield>
      <subfield code="a">Baptista &lt;Mantuanus&gt;</subfield>
      <subfield code="0">(DE-588a)118615858</subfield>
    </datafield>
    <datafield tag="913" ind1=" " ind2=" ">
      <subfield code="S">pnd</subfield>
      <subfield code="i">5</subfield>
      <subfield code="a">Baptista &lt;Mantuanus&gt;</subfield>
      <subfield code="0">(DE-588a)17411902X</subfield>
    </datafield>
  </record>
